\selectlanguage{italian}

% Bibliografia
@book{DeMasi_SmartWorkingRivoluzioneLavoroIntelligente,
    author       = {De Masi, D.},
    title        = {Smart working. La rivoluzione del lavoro intelligente},
    year         = {2020},
    isbn         = {9788829705696},
    publisher    = {Marsilio},
    address      = {Italia},
    edition      = {1}
}

@book{Mew_LearningMaterialDesign,
    author       = {Mew, K.},
    title        = {Learning Material Design},
    subtitle     = {Getting Started with Material Design},
    year         = {2015},
    isbn         = {9781785289811},
    publisher    = {Packt Publishing Ltd.},
    address      = {UK},
    edition      = {1}
}

% Sitografia
@online{Stato_Telemedicina,
    keywords     = {site},
    label        = {prova},
    author       = {{Ministero della Salute}},
    date         = {2014},
    month        = {3},
    day          = {17},
    title        = {TELEMEDICINA, Linee di indirizzo nazionali},
    subtitle     = {Definizione e classificazione dei servizi di Telemedicina},
    pages        = {10},
    url          = {https://www.salute.gov.it/imgs/C_17_pubblicazioni_2129_allegato.pdf},
    urldate      = {2023-02-09}
}

@online{CERN_ShortHistoryWeb,
    keywords     = {site},
    author       = {{CERN}},
    title        = {A short history of the Web},
    url          = {https://home.web.cern.ch/science/computing/birth-web/short-history-web},
    urldate      = {2023-02-14}
}

@online{W3C_LittleHistoryWWW,
    keywords     = {site},
    author       = {{W3C}},
    title        = {A Little History of the World Wide Web},
    url          = {https://www.w3.org/History.html},
    urldate      = {2023-02-14}
}

@online{AWS_ApplicazioneWeb,
    keywords     = {site},
    author       = {{AWS}},
    title        = {Che cos'è un'applicazione web},
    url          = {https://aws.amazon.com/it/what-is/web-application/},
    urldate      = {2023-02-15}
}

@online{IBM_ArchitetturaThreeTier,
    keywords     = {site},
    author       = {{IBM}},
    date         = {2020},
    month        = {10},
    day          = {28},
    title        = {Architettura three-tier
    },
    url          = {https://www.ibm.com/it-it/cloud/learn/three-tier-architecture},
    urldate      = {2023-02-15}
}

@online{Kinsta_ArchitetturaWebApp,
    keywords     = {site},
    author       = {Harsh, K.},
    organization = {Kinsta},
    date         = {2014},
    month        = {3},
    day          = {3},
    title        = {Cos’è l’Architettura delle Applicazioni Web? Analisi di un’Applicazione Web
    },
    url          = {https://kinsta.com/it/blog/architettura-applicazioni-web/#cos-larchitettura-delle-applicazioni-web},
    urldate      = {2023-02-15}
}

chapter      = {articolo 18 (capo II), comma 1},
@online{Stato_SmartWorking,
    keywords     = {site},
    author       = {{Istituto Poligrafico e Zecca dello Stato}},
    date         = {2017},
    month        = {6},
    day          = {14},
    title        = {LEGGE 22 maggio 2017, n. 81, articolo 18 (capo II), comma 1},
    url          = {https://www.normattiva.it/uri-res/N2Ls?urn:nir:stato:legge:2017-05-22;81!vig=},
    urldate      = {2022-11-15}
}


@online{RedHat_MetodologiaAgile,
    keywords     = {site},
    author       = {{Red Hat}},
    date         = {2022},
    month        = {7},
    day          = {19},
    title        = {Cos'è la metodologia agile?},
    subtitle     = {Panoramica},
    url          = {https://www.redhat.com/it/devops/what-is-agile-methodology#panoramica},
    urldate      = {2022-11-20}
}

@online{BeckEtAl_ManifestoSviluppoAgileSoftware,
    keywords     = {site},
    author       = {Beck, K. and colleghi},
    date         = {2001},
    title        = {Manifesto per lo Sviluppo Agile di Software},
    url          = {https://agilemanifesto.org/iso/it/manifesto.html},
    urldate      = {2022-11-17}
}

@online{Atalassian_FrameworkScrum,
    keywords     = {site},
    author       = {Atalassian},
    title        = {Scrum},
    subtitle     = {Panoramica},
    url          = {https://www.atlassian.com/it/agile/scrum},
    urldate      = {2022-11-15}
}

@online{React_IntroduzioneJSX,
    keywords     = {site},
    author       = {{Meta Platforms Inc.}},
    howpublished = {},
    title        = {Introduzione a JSX},
    url          = {https://it.reactjs.org/docs/introducing-jsx.html},
    urldate      = {2022-12-02}
}

@online{React_SyntheticEvent,
    keywords     = {site},
    author       = {{Meta Platforms Inc.}},
    title        = {SyntheticEvent},
    subtitle     = {Supported Events},
    url          = {https://reactjs.org/docs/events.html#supported-events},
    urldate      = {2023-01-03}
}

@online{React_IntroduzioneHooks_ClassiConfondono,
    keywords     = {site},
    author       = {{Meta Platforms Inc.}},
    title        = {Introduzione agli Hooks},
    subtitle     = {Le classi confondono sia le persone che le macchine},
    url          = {https://it.reactjs.org/docs/hooks-intro.html#classes-confuse-both-people-and-machines},
    urldate      = {2023-01-25}
}

@online{React_IntroduzioneHooks_Retrocompatibilità,
    keywords     = {site},
    author       = {{Meta Platforms Inc.}},
    title        = {Introduzione agli Hooks},
    subtitle     = {Retrocompatibili},
    url          = {https://it.reactjs.org/docs/hooks-intro.html#no-breaking-changes},
    urldate      = {2023-01-25}
}

@online{React_PanoramicaHooks,
    keywords     = {site},
    author       = {{Meta Platforms Inc.}},
    title        = {Panoramica sugli Hooks},
    subtitle     = {Regole degli Hooks},
    url          = {https://it.reactjs.org/docs/hooks-overview.html#rules-of-hooks},
    urldate      = {2023-01-25}
}

@online{React_UsareHookStateCosHook,
    keywords     = {site},
    author       = {{Meta Platforms Inc.}},
    title        = {Usare l'Hook State},
    subtitle     = {Cos’è un Hook?},
    url          = {https://it.reactjs.org/docs/hooks-state.html#whats-a-hook},
    urldate      = {2023-01-24}
}

@online{React_UsareHookState,
    keywords     = {site},
    author       = {{Meta Platforms Inc.}},
    title        = {Usare l'Hook State},
    subtitle     = {Dichiarare una Variabile di Stato},
    url          = {https://it.reactjs.org/docs/hooks-state.html#declaring-a-state-variable},
    urldate      = {2023-01-24}
}

@online{React_UsareHookEffect_Example,
    keywords     = {site},
    author       = {{Meta Platforms Inc.}},
    title        = {Usare l'Hook Effect},
    subtitle     = {Example Using Hooks},
    url          = {https://it.reactjs.org/docs/hooks-effect.html#example-using-hooks},
    urldate      = {2023-01-25}
}

@online{React_UsareHookEffect_Tip,
    keywords     = {site},
    author       = {{Meta Platforms Inc.}},
    title        = {Usare l'Hook Effect},
    subtitle     = {Tip: Optimizing Performance by Skipping Effects},
    url          = {https://it.reactjs.org/docs/hooks-effect.html#tip-optimizing-performance-by-skipping-effects},
    urldate      = {2023-01-25}
}

non usata
@online{W3C_ReactUseContextHook,
    keywords     = {site},
    organization = {{W3C}},
    title        = {React useContext Hook},
    subtitle     = {React Context},
    url          = {https://www.w3schools.com/react/react_usecontext.asp},
    urldate      = {2023-01-25}
}

@online{FreeCodeCamp_ReactContextBeginners,
    keywords     = {site},
    author       = {Barger, R.},
    organization = {FreeCodeCamp},
    date         = {2021},
    month        = {7},
    day          = {21},
    title        = {React Context for Beginners – The Complete Guide (2021)},
    subtitle     = {What problems does React context solve?},
    url          = {https://www.freecodecamp.org/news/react-context-for-beginners/},
    urldate      = {2023-01-25}
}

@online{React_APIriferimentoHooks_useReducer,
    keywords     = {site},
    author       = {{Meta Platforms Inc.}},
    title        = {API di Riferimento degli Hooks},
    subtitle     = {useReducer},
    url          = {https://it.reactjs.org/docs/hooks-reference.html#usereducer},
    urldate      = {2023-01-26}
}

@online{RedHat_API,
    keywords     = {site},
    author       = {{Red Hat}},
    title        = {Cosa sono le API?},
    subtitle     = {Panoramica},
    url          = {https://www.redhat.com/it/topics/api/what-are-application-programming-interfaces#panoramica},
    urldate      = {2023-01-27}
}

@online{RedHat_VantaggiAPI,
    keywords     = {site},
    author       = {{Red Hat}},
    title        = {I vantaggi delle API},
    subtitle     = {Panoramica},
    url          = {https://www.redhat.com/it/topics/api#panoramica},
    urldate      = {2023-01-27}
}

@online{Axios_GettingStarted,
    keywords     = {site},
    author       = {Axios},
    title        = {Getting Started},
    subtitle     = {Introduction},
    url          = {https://axios-http.com/docs/intro},
    urldate      = {2023-01-28}
}

@online{jquense_Yup,
    keywords     = {site},
    author       = {jquense},
    title        = {Yup},
    url          = {https://github.com/jquense/yup#yup},
    urldate      = {2023-01-30}
}

@online{date-fns,
    keywords     = {site},
    author       = {npm},
    title        = {date-fns},
    url          = {https://date-fns.org/},
    urldate      = {2023-01-30}
}

@online{niuware_mui-rte,
    keywords     = {site},
    author       = {niuware},
    title        = {mui-rte},
    url          = {https://github.com/niuware/mui-rte#mui-rte},
    urldate      = {2023-02-04}
}

@online{Remix_ReactRouter,
    keywords     = {site},
    author       = {Remix},
    title        = {React Router},
    url          = {https://v5.reactrouter.com/},
    urldate      = {2023-02-06}
}